<?xml version='1.0' encoding='utf-8'?>
<record xmlns="http://www.loc.gov/MARC21/slim" xmlns:xsi="http://www.w3.org/2001/XMLSchema-instance">
  <leader>00000nem^a22^^^^^^a^4500</leader>
  <controlfield tag="001">005670282</controlfield>
  <controlfield tag="005">20080512102434.0</controlfield>
  <controlfield tag="007">aj^canzn</controlfield>
  <controlfield tag="008">080402s2007^^^^mdu^^^^^^^e^^^s^0^^^eng^d</controlfield>
  <datafield tag="035" ind1=" " ind2=" ">
    <subfield code="a">(OCoLC)702905256</subfield>
  </datafield>
  <datafield tag="040" ind1=" " ind2=" ">
    <subfield code="a">MiU-H</subfield>
    <subfield code="c">MiU-H</subfield>
  </datafield>
  <datafield tag="043" ind1=" " ind2=" ">
    <subfield code="a">n-us-mi</subfield>
  </datafield>
  <datafield tag="245" ind1="0" ind2="0">
    <subfield code="a">Land ownership atlases of Wayne County, Michigan, 1876-1925</subfield>
    <subfield code="h">[electronic resource].</subfield>
  </datafield>
  <datafield tag="260" ind1=" " ind2=" ">
    <subfield code="a">Columbia, MD :</subfield>
    <subfield code="b">Archives CD Books USA,</subfield>
    <subfield code="c">2007.</subfield>
  </datafield>
  <datafield tag="300" ind1=" " ind2=" ">
    <subfield code="a">1 CD-ROM (3 files) :</subfield>
    <subfield code="b">col. ;</subfield>
    <subfield code="c">4 3/4 in.</subfield>
  </datafield>
  <datafield tag="500" ind1=" " ind2=" ">
    <subfield code="a">"These atlases were digitized and made available by Archive CD Books USA in cooperation with the Plymouth Historical Museum of Plymouth, Michigan"</subfield>
  </datafield>
  <datafield tag="505" ind1="0" ind2=" ">
    <subfield code="a">Illustrated Historical Atlas of the County of Wayne, Michigan (1876) -- Detailed Official Atlas of Wayne County, Michigan (1893) -- McAlpine's Farm Atlas of Wayne County (1925).</subfield>
  </datafield>
  <datafield tag="650" ind1=" " ind2="0">
    <subfield code="a">Real property</subfield>
    <subfield code="z">Michigan</subfield>
    <subfield code="z">Wayne County</subfield>
    <subfield code="v">Maps.</subfield>
  </datafield>
  <datafield tag="650" ind1=" " ind2="0">
    <subfield code="a">Landowners</subfield>
    <subfield code="z">Michigan</subfield>
    <subfield code="z">Wayne County</subfield>
    <subfield code="v">Maps.</subfield>
  </datafield>
  <datafield tag="650" ind1=" " ind2="0">
    <subfield code="a">School districts</subfield>
    <subfield code="z">Michigan</subfield>
    <subfield code="z">Wayne County</subfield>
    <subfield code="v">Maps.</subfield>
  </datafield>
  <datafield tag="650" ind1=" " ind2="0">
    <subfield code="a">Farms</subfield>
    <subfield code="z">Michigan</subfield>
    <subfield code="z">Wayne County</subfield>
    <subfield code="v">Maps.</subfield>
  </datafield>
  <datafield tag="651" ind1=" " ind2="0">
    <subfield code="a">Wayne County (Mich.)</subfield>
    <subfield code="v">Maps.</subfield>
  </datafield>
  <datafield tag="710" ind1="2" ind2=" ">
    <subfield code="a">Plymouth Historical Museum.</subfield>
  </datafield>
  <datafield tag="710" ind1="2" ind2="2">
    <subfield code="a">H. Belden &amp; Co.</subfield>
    <subfield code="t">Illustrated historical atlas of the county of Wayne, Michigan.</subfield>
    <subfield code="f">1876.</subfield>
  </datafield>
  <datafield tag="700" ind1="1" ind2="2">
    <subfield code="a">Sauer, Wm. C.</subfield>
    <subfield code="t">Detailed official atlas of Wayne County, Michigan.</subfield>
    <subfield code="f">1893.</subfield>
  </datafield>
  <datafield tag="710" ind1="2" ind2="2">
    <subfield code="a">W.S. McAlpine Map Co.</subfield>
    <subfield code="t">McAlpine's Wayne County farm atlas.</subfield>
    <subfield code="f">1925.</subfield>
  </datafield>
  <datafield tag="852" ind1="8" ind2=" ">
    <subfield code="a">MiU-H</subfield>
    <subfield code="b">BENT</subfield>
    <subfield code="h">2008076 Aa 2</subfield>
  </datafield>
  <datafield tag="997" ind1=" " ind2=" ">
    <subfield code="a">MARS</subfield>
  </datafield>
  <datafield tag="998" ind1=" " ind2=" ">
    <subfield code="c">OV</subfield>
  </datafield>
  <datafield tag="955" ind1=" " ind2=" ">
    <subfield code="b">BENT</subfield>
    <subfield code="p">B3164782</subfield>
  </datafield>
</record>
